<?xml version="1.0" encoding="UTF-8"?><collection xmlns="http://www.loc.gov/MARC21/slim"><record><leader>00357nam--2200133-i-4500</leader><controlfield tag="001">000030132</controlfield><controlfield tag="002">20161230</controlfield><controlfield tag="005">20161230201038</controlfield><controlfield tag="008">060222s1000------------r-----000-0-eng-d</controlfield><datafield ind1=" " ind2=" " tag="100"><subfield code="a">Ludwig, G</subfield></datafield><datafield ind1=" " ind2=" " tag="245"><subfield code="a">Fortschritte der projektiven relativitatstheorie</subfield></datafield><datafield ind1=" " ind2=" " tag="260"><subfield code="a">Braunschweig, Friedr.Vieweg &amp; Sohn, 1951, 96p</subfield></datafield><datafield ind1=" " ind2=" " tag="490"><subfield code="a">Die Wissenschaft</subfield></datafield><datafield ind1=" " ind2=" " tag="852"><subfield code="a">13610</subfield></datafield></record></collection>